@inproceedings{chen2014fast,
  title={A fast and accurate dependency parser using neural networks},
  author={Chen, Danqi and Manning, Christopher D},
  booktitle={Proceedings of the 2014 conference on empirical methods in natural language processing (EMNLP)},
  pages={740--750},
  year={2014}
}